@manual{urz_vorlage_manual,
  author = {Haustein, Mario and Schreiber, Antje and Meisel, Andre},
  institution = {Universitätsrechenzentrum},
  address = {Chemnitz},
  title = {Handbuch zur Vorlage für studentische Arbeiten},
  url = {https://gitlab.hrz.tu-chemnitz.de/tuc-latex/abschlussarbeit},
  year = {2023}
}

@misc{protege,
  author = {Protégé},
  title = {Protégé: A Tool for Ontology Development and Knowledge Acquisition},
  year = {2023},
  url = {https://protege.stanford.edu/},
  organization = {Stanford University}
}

@misc{timwww,
  author = {Tim Berners-Lee},
  title = {WWW Book (no real book, just an example)},
  year = {2023}
}

@misc{billgates,
  author = {Bill Gates},
  title = {No Real Citation},
  year = {2023}
}

@misc{stevejobs,
  author = {Steve Jobs},
  title = {No Real Citation},
  year = {2023}
}

@book{SIPBook,
  title = {SIP: Understanding the Session Initiation Protocol, Second Edition},
  publisher = {Artech House Publishers},
  year = {2003},
  author = {Alan B. Johnston},
  isbn = {1580536557}
}

@misc{rfcsip,
  title = {SIP: Session Initiation Protocol},
  author = {J. Rosenberg and H. Schulzrinne and G. Camarillo and A. Johnston
    and J. Peterson and R. Sparks and M. Handley and E. Schooler},
  number = {3261},
  month = {June},
  year = {2002},
  note = {Updated by RFCs 3265, 3853, 4320, 4916, 5393},
  url = {http://www.ietf.org/rfc/rfc3261.txt},
  organization = {Internet Engineering Task Force},
  publisher = {IETF},
  series = {Request for Comments}
}

@manual{w3cwsdl,
  title = {Web Services Description Language (WSDL) 1.1},
  organization = {W3C},
  year = {2001},
  url = {http://www.w3.org/TR/wsdl}
}
