% This file was created with JabRef 2.5.
% Encoding: Cp1252

@BOOK{SIPBook,
  title = {SIP, understanding the Session Initiation Protocol, Second Edition},
  publisher = {Artech House Publishers},
  year = {2003},
  author = {Alan B. Johnston},
  note = {ISBN: 1580536557}
}

@MISC{rfcsip,
  title = {SIP: Session Initiation Protocol},
  author = {J. Rosenberg and H. Schulzrinne and G. Camarillo and A. Johnston
	and J. Peterson and R. Sparks and M. Handley and E. Schooler},
  howpublished = {RFC 3261 (Proposed Standard)},
  number = {3261},
  month = jun,
  year = {2002},
  note = {Updated by RFCs 3265, 3853, 4320, 4916, 5393},
  url = {http://www.ietf.org/rfc/rfc3261.txt},
  organisation = {Internet Engineering Task Force},
  publisher = {IETF},
  series = {Request for Comments}
}

@MANUAL{w3cwsdl,
  title = {Web Services Description Language (WSDL) 1.1},
  organization = {W3C},
  year = {2001},
  note = {\url{http://www.w3.org/TR/wsdl}}
}

@MANUAL{www,
  title = {World Wide Web},
  organization = {CERN},
  note = {\url{hhttps://info.cern.ch/hypertext/WWW/TheProject.html}}
}

@MANUAL{sematicWeb,
  title = {The Semantic Web},
  organization = {INTERNET COMPUTI},
  note = {\url{https://www.researchgate.net/profile/Michel-Klein/publication/2809069_The_semantic_web_the_roles_of_XML_and_RDF/links/0912f50ba15cd91ff5000000/The-semantic-web-the-roles-of-XML-and-RDF.pdf?origin=publication_detail&_tp=eyJjb250ZXh0Ijp7ImZpcnN0UGFnZSI6InB1YmxpY2F0aW9uIiwicGFnZSI6InB1YmxpY2F0aW9uRG93bmxvYWQiLCJwcmV2aW91c1BhZ2UiOiJwdWJsaWNhdGlvbiJ9fQ&__cf_chl_tk=5MWh4tG1PQ1AeHjb.jhHi7j2wcKMsMturHDH14EGG80-1740929090-1.0.1.1-paRQqVpRTjoS9JAcvW33aSA_RLAce6qf9gO7K_sJWzc}}
}

@article{bernerslee2001semantic,
  author = {Berners-Lee, Tim and Hendler, James and Lassila, Ora},
  title = {The Semantic Web},
  journal = {Scientific American},
  year = {2001},
  url = {https://www.scientificamerican.com/article/the-semantic-web/},
  note = {\url{https://www.w3.org/RDF/Metalog/docs/sw-easy},{Accessed: 2025-03-05}}
}

@misc{herman2003semanticweb,
  author = {Herman, Ivan},
  title = {Tutorial on Semantic Web Technologies},
  howpublished = {\url{https://www.w3.org/People/Ivan/CorePresentations/RDFTutorial/Slides.html}},
  year = {2003},
  note = {Accessed: 2025-03-05}
}

@MANUAL{rdf,
  title = {Resource Description Framework},
  organization = {W3C},
  note = {\url{https://www.w3.org/RDF/}}
}


@MANUAL{ontology,
  title = {Semantic Web Ontology},
  organization = {Science Direct},
  note = {\url{https://www.sciencedirect.com/topics/computer-science/semantic-web-ontology/}}
}

@MANUAL{issemantic,
  title = {issemantic.net},
  note = {\url{https://www.sciencedirect.com/topics/computer-science/semantic-web-ontology/}}
}

@MANUAL{rdfGrapher,
  title = {ldf.fi/},
  note = {\url{https://www.sciencedirect.com/topics/computer-science/semantic-web-ontology/}}
}



@misc{vscode_rdf_plugin,
  author = {{Visual Studio Code Marketplace}},
  title = {RDF Plugins for VS Code},
  year = {2024},
  url = {https://marketplace.visualstudio.com/search?term=RDF&target=VSCode&category=All%20categories&sortBy=Relevance},
  note = {Accessed: 2025-03-05}
}

@misc{jetbrains_rdf_plugin,
  author = {{JetBrains Marketplace}},
  title = {RDF Plugins for JetBrains IDEs},
  year = {2024},
  url = {https://plugins.jetbrains.com/search?excludeTags=internal&products=androidstudio&products=appcode&products=aqua&products=clion&products=dataspell&products=dbe&products=fleet&products=go&products=idea&products=idea_ce&products=mps&products=phpstorm&products=pycharm&products=pycharm_ce&products=rider&products=ruby&products=rust&products=webstorm&products=writerside&search=RDF},
  note = {Accessed: 2025-03-05}
}

@misc{stackoverflow_survey_2024,
  author = {{Stack Overflow}},
  title = {Stack Overflow Developer Survey 2024},
  year = {2024},
  url = {https://survey.stackoverflow.co/2024/technology/},
  note = {Accessed: 2025-03-05}
}
